<record><leader>00000cas a22000007a 4500</leader><controlfield tag="001">10463775</controlfield><controlfield tag="008">840227d18761876meuwr ne      0    0eng d</controlfield><datafield ind1=" " ind2=" " tag="010"><subfield code="a">sn 84022528 </subfield></datafield><datafield ind1=" " ind2=" " tag="040"><subfield code="a">NPX</subfield><subfield code="b">eng</subfield><subfield code="c">NPX</subfield><subfield code="d">MBN</subfield><subfield code="d">OCLCQ</subfield></datafield><datafield ind1=" " ind2=" " tag="042"><subfield code="a">msc</subfield></datafield><datafield ind1=" " ind2=" " tag="043"><subfield code="a">n-us-me</subfield></datafield><datafield ind1="0" ind2=" " tag="130"><subfield code="a">Oxford register (Norway, Me.)</subfield></datafield><datafield ind1="1" ind2="4" tag="245"><subfield code="a">The Oxford register.</subfield></datafield><datafield ind1=" " ind2=" " tag="260"><subfield code="a">Norway, Me. :</subfield><subfield code="b">Drake &amp; Whitman,</subfield><subfield code="c">1876.</subfield></datafield><datafield ind1=" " ind2=" " tag="300"><subfield code="a">v.</subfield></datafield><datafield ind1=" " ind2=" " tag="310"><subfield code="a">Weekly</subfield></datafield><datafield ind1="0" ind2=" " tag="362"><subfield code="a">Vol. 8, no. 1 (Jan. 7, 1876)-v. 8, no. 46 (Nov. 17, 1876).</subfield></datafield><datafield ind1=" " ind2=" " tag="500"><subfield code="a">Editor: P.J. Parris.</subfield></datafield><datafield ind1=" " ind2=" " tag="500"><subfield code="a">Publishers: Parris, Mason &amp; Co., 1876.</subfield></datafield><datafield ind1="1" ind2=" " tag="700"><subfield code="a">Parris, Percival J.</subfield></datafield><datafield ind1=" " ind2=" " tag="752"><subfield code="a">United States</subfield><subfield code="b">Maine</subfield><subfield code="c">Oxford</subfield><subfield code="d">Norway.</subfield></datafield><datafield ind1="0" ind2="0" tag="780"><subfield code="t">Oxford register &amp; advertiser</subfield><subfield code="w">(DLC)sn 86063261</subfield></datafield><datafield ind1="0" ind2="0" tag="785"><subfield code="t">Norway advertiser (Norway, Me. : 1876)</subfield><subfield code="w">(DLC)sn 84022529</subfield></datafield></record>